@book{Xbook,
	author    = "c",
	title     = "b",
	publisher = "a",
}
