@misc{cop-wiki,
	title = "Wikipedia: Combinatorial Optimization",
	url = "https://en.wikipedia.org/wiki/Combinatorial_optimization",
}

@book{hjw-book,
	author    = "Han Jiawei",
	title     = "Data mining and Knowledge Discovery",
	publisher = "",
	year      = "2007",
}

@article{this-paper,
	author = "Tianqi Chen, Mu Li, Yutian Li",
	title = "MXNet: A Flexible and Efficient Machine Learning Library for Heterogeneous Distributed Systems",
	journal = "Arxiv",
	year = "2015",
}

@article{scaling,
	author = "Mu Li, David G.Anderson",
	title = "Scaling Distributed Machine Learning with the Parameter Server",
	journal = "NIPS",
	year = "2014",
}

@article{communication,
	author = "Mu Li, David G.Anderson",
	title = "Communication Efficient Distributed Machine Learning with the Parameter Server",
	journal = "NIPS",
	year = "2014",
}
