@misc{cop-wiki,
	title = "Wikipedia: Combinatorial Optimization",
	url = "https://en.wikipedia.org/wiki/Combinatorial_optimization",
}

@book{hjw-book,
	author    = "Han Jiawei",
	title     = "Data mining and Knowledge Discovery",
	publisher = "",
	year      = "2007",
}

@article{this-paper,
	author = "Jaroslav Fowkes and Charles Sutton",
	title = "Mining interesting itemsets using submodular optimization",
	journal = "NIPS Workshop on Discrete and Combinatorial Problems in Machine Learning",
	year = "2016",
}

@book{em-book,
	author    = "Friedman N",
	title     = "The  Bayesian structural EM algorithm",
	publisher = "",
	year      = "1998",
}
